<collection>
<record>
<leader>02661cpcaa22004817a 4500</leader>
<controlfield tag="001">13660501</controlfield>
<controlfield tag="005">20231128190704.0</controlfield>
<controlfield tag="008">040720i19521965dcu eng </controlfield>
<datafield ind1=" " ind2=" " tag="906">
<subfield code="a">7</subfield>
<subfield code="b">cbc</subfield>
<subfield code="c">orignew</subfield>
<subfield code="d">u</subfield>
<subfield code="e">ncip</subfield>
<subfield code="f">20</subfield>
<subfield code="g">y-folklife</subfield>
</datafield>
<datafield ind1=" " ind2=" " tag="955">
<subfield code="a">
mkru 2004-07-20; mkru 2004-09-08; mkru 2004-09-30; mkru 2005-07-13
</subfield>
<subfield code="a">fcundiff 2023-11-28</subfield>
</datafield>
<datafield ind1=" " ind2=" " tag="010">
<subfield code="a"> 2004695188</subfield>
</datafield>
<datafield ind1=" " ind2=" " tag="040">
<subfield code="a">DLC</subfield>
<subfield code="c">DLC</subfield>
<subfield code="e">appm</subfield>
</datafield>
<datafield ind1=" " ind2=" " tag="043">
<subfield code="a">n-us---</subfield>
</datafield>
<datafield ind1=" " ind2=" " tag="090">
<subfield code="a">AFC 1970/003</subfield>
</datafield>
<datafield ind1="0" ind2="0" tag="245">
<subfield code="a">Ray M. Lawless collection,</subfield>
<subfield code="f">1952-1965 /</subfield>
<subfield code="c">collected by Ray M. Lawless.</subfield>
</datafield>
<datafield ind1=" " ind2=" " tag="300">
<subfield code="3">whole collection</subfield>
<subfield code="a">2250</subfield>
<subfield code="f">items</subfield>
</datafield>
<datafield ind1=" " ind2=" " tag="300">
<subfield code="3">whole collection</subfield>
<subfield code="a">6</subfield>
<subfield code="f">boxes</subfield>
</datafield>
<datafield ind1=" " ind2=" " tag="300">
<subfield code="3">whole collection</subfield>
<subfield code="a">2.5</subfield>
<subfield code="f">linear feet</subfield>
</datafield>
<datafield ind1=" " ind2=" " tag="300">
<subfield code="3">manuscripts</subfield>
<subfield code="a">223 folders</subfield>
</datafield>
<datafield ind1=" " ind2=" " tag="300">
<subfield code="3">graphic materials</subfield>
<subfield code="a">142 photographic prints, black and white</subfield>
</datafield>
<datafield ind1=" " ind2=" " tag="520">
<subfield code="a">
Research materials including questionnaires, some correspondence, and photographs of approximately 200 folksingers and singers of folksong (a few of them are performers of art songs and classical music) collected by Ray M. Lawless to illustrate his book, "Folksingers and Folksongs in America" (New York: Duell, Sloan and Pearce, 1960; second edition, 1965). Most singers are from the United States, but a few are from Scotland, Ireland, and other locations. Also included are biographical materials, programs, clippings, and ephemera.
</subfield>
</datafield>
<datafield ind1="8" ind2=" " tag="524">
<subfield code="a">
Ray M. Lawless Collection (AFC 1970/003), Archive of Folk Culture, American Folklife Center, Library of Congress, Washington, D.C.
</subfield>
</datafield>
<datafield ind1=" " ind2=" " tag="540">
<subfield code="a">
Duplication of the collection materials may be governed by copyright and other restrictions.
</subfield>
</datafield>
<datafield ind1=" " ind2=" " tag="541">
<subfield code="a">Hazel K. Lawless;</subfield>
<subfield code="c">Donation;</subfield>
<subfield code="d">1970.</subfield>
</datafield>
<datafield ind1="0" ind2=" " tag="555">
<subfield code="a">
Finding aid with a list of names of the performers is available in the Folklife Reading Room, Library of Congress, and online via the American Folklife Center web pages.
</subfield>
</datafield>
<datafield ind1=" " ind2="0" tag="650">
<subfield code="a">Folk singers</subfield>
<subfield code="z">United States</subfield>
<subfield code="v">Correspondence.</subfield>
</datafield>
<datafield ind1=" " ind2="0" tag="650">
<subfield code="a">Folk singers</subfield>
<subfield code="z">United States</subfield>
<subfield code="v">Photographs.</subfield>
</datafield>
<datafield ind1=" " ind2="0" tag="650">
<subfield code="a">Folk singers</subfield>
<subfield code="z">Scotland.</subfield>
</datafield>
<datafield ind1=" " ind2="0" tag="650">
<subfield code="a">Folk singers</subfield>
<subfield code="z">Ireland.</subfield>
</datafield>
<datafield ind1=" " ind2="0" tag="650">
<subfield code="a">Folk songs, English</subfield>
<subfield code="z">United States.</subfield>
</datafield>
<datafield ind1=" " ind2="0" tag="650">
<subfield code="a">Folk music</subfield>
<subfield code="z">United States.</subfield>
</datafield>
<datafield ind1=" " ind2="0" tag="650">
<subfield code="a">Popular music</subfield>
<subfield code="y">1951-1960.</subfield>
</datafield>
<datafield ind1=" " ind2="0" tag="650">
<subfield code="a">Popular music</subfield>
<subfield code="y">1961-1970.</subfield>
</datafield>
<datafield ind1=" " ind2="7" tag="655">
<subfield code="a">Correspondence.</subfield>
<subfield code="2">aat</subfield>
</datafield>
<datafield ind1=" " ind2="7" tag="655">
<subfield code="a">Manuscripts.</subfield>
<subfield code="2">aat</subfield>
</datafield>
<datafield ind1=" " ind2="7" tag="655">
<subfield code="a">Photographic prints.</subfield>
<subfield code="2">aat</subfield>
</datafield>
<datafield ind1=" " ind2="7" tag="655">
<subfield code="a">Programs.</subfield>
<subfield code="2">aat</subfield>
</datafield>
<datafield ind1=" " ind2="7" tag="655">
<subfield code="a">Clippings.</subfield>
<subfield code="2">gmgpc</subfield>
</datafield>
<datafield ind1="1" ind2=" " tag="700">
<subfield code="a">Lawless, Ray McKinley,</subfield>
<subfield code="d">1896-</subfield>
<subfield code="e">collector.</subfield>
</datafield>
<datafield ind1=" " ind2=" " tag="852">
<subfield code="a">DLC-AFC</subfield>
<subfield code="b">Archive of Folk Culture, American Folklife Center,</subfield>
<subfield code="e">
101 Independence Ave. S.E., Washington, DC USA 20540-4610
</subfield>
</datafield>
<datafield ind1="4" ind2="2" tag="856">
<subfield code="3">Finding aid</subfield>
<subfield code="u">http://hdl.loc.gov/loc.afc/eadafc.af007005</subfield>
</datafield>
<datafield ind1=" " ind2=" " tag="985">
<subfield code="a">afc/ead</subfield>
</datafield>
<datafield ind1=" " ind2=" " tag="985">
<subfield code="a">afc/coll</subfield>
</datafield>
</record>
</collection>